@book{Foster:2017:CCS:3158276,
 author = {Foster, Ian and Gannon, Dennis B.},
 title = {Cloud Computing for Science and Engineering},
 year = {2017},
 isbn = {0262037246, 9780262037242},
 edition = {1st},
 publisher = {The MIT Press},
} 

@Misc{hid-sp18-419-hu-medium-pi-hadoop,
  author                   = {Hu, Oliver},
  title                    = {Build a Hadoop 3 cluster with Raspberry Pi 3},
  howpublished             = {Web Page},
  month                    = dec,
  year                     = {2017},
  timestamp                = {2018-04-07},
  url                      = {https://medium.com/@oliver_hu/build-a-hadoop-3-cluster-with-raspberry-pi-3-f451b7f93254}
}

@Misc{hid-sp18-419-pi-pinout,
  author                   = {{Jameco Electronics}},
  title                    = {Raspberry Pi Pinout Diagram, Circuit Notes},
  howpublished             = {Web Page},
  timestamp                = {2018-04-07},
  url                      = {https://www.jameco.com/Jameco/workshop/circuitnotes/raspberry-pi-circuit-note.html}
}


@inproceedings{hid-sp18-405-sentiment-das2001yahoo,
	added-at = {2010-11-01T01:12:27.000+0100},
	author = {Das, Sanjiv and Chen, Mike},
	biburl = 
	{https://www.bibsonomy.org/bibtex/25dc3fbec9f02d1d18652ef42deb70e7f/huiyangsfsu},
	booktitle = {In Asia Pacific Finance Association Annual Conf. (APFA)},
	interhash = {0730bdaa339ac314ab63b60b99ce6a9e},
	intrahash = {5dc3fbec9f02d1d18652ef42deb70e7f},
	keywords = {CAT CAT-OPINION-lexicon-stock},
	timestamp = {2010-11-12T03:58:18.000+0100},
	title = {Yahoo! for Amazon: Extracting market sentiment from stock 
	message boards },
	year = 2001,
	month = jan,
	volume={35},
	pages={43},
	organization={Bangkok, Thailand},
	owner     = {hid-sp18-405},
	note = {Accessed: 2018-04-11},
}

@book{hid-sp18-405-sentiment-jurafsky2009,
	author = {Jurafsky, Daniel and Martin, James H.},
	title = {Speech and Language Processing (2Nd Edition)},
	year = {2009},
	isbn = {0131873210},
	publisher = {Prentice-Hall, Inc.},
	address = {Upper Saddle River, NJ, USA},
	owner     = {hid-sp18-405},
	note = {Accessed: 2018-04-11},
} 

@inproceedings{hid-sp18-405-sentiment-pang2002thumbs,
	author = {Pang, Bo and Lee, Lillian and Vaithyanathan, Shivakumar},
	title = {Thumbs Up?: Sentiment Classification Using Machine Learning 
	Techniques},
	booktitle = {Proceedings of the ACL-02 Conference on Empirical Methods 
	in Natural Language Processing - Volume 10},
	series = {EMNLP '02},
	year = {2002},
	pages = {79--86},
	numpages = {8},
	url = {https://doi.org/10.3115/1118693.1118704},
	doi = {10.3115/1118693.1118704},
	acmid = {1118704},
	publisher = {Association for Computational Linguistics},
	address = {Stroudsburg, PA, USA},
	owner     = {hid-sp18-405},
	note = {Accessed: 2018-04-11},
} 

@inproceedings{hid-sp18-405-sentiment-pang2004asentimental,
	author = {Pang, Bo and Lee, Lillian},
	title = {A Sentimental Education: Sentiment Analysis Using Subjectivity 
	Summarization Based on Minimum Cuts},
	booktitle = {Proceedings of the 42Nd Annual Meeting on Association for 
	Computational Linguistics},
	series = {ACL '04},
	year = {2004},
	location = {Barcelona, Spain},
	articleno = {271},
	url = {https://doi.org/10.3115/1218955.1218990},
	doi = {10.3115/1218955.1218990},
	acmid = {1218990},
	publisher = {Association for Computational Linguistics},
	address = {Stroudsburg, PA, USA},
	owner     = {hid-sp18-405},
	note = {Accessed: 2018-04-11},
} 

@Misc{hid-sp18-405-sentiment-data,
	author                   = {{NLP at Cornell }},
	title                    = {Movie Review Data},
	howpublished             = {Web Page},
	month                    = apr,
	year                     = {2012},
	owner     = {hid-sp18-405},
	note = {Accessed: 2018-04-11},
	url                    = 
	{http://www.cs.cornell.edu/people/pabo/movie-review-data/},
}

@Misc{hid-sp18-405-sentiment-stopworddoc,
	author                   = {{NLTK}},
	title                    = {Accessing Text Corpora and Lexical Resources},
	howpublished             = {Web Page},
	month                    = jul,
	year                     = {2015},
	owner     = {hid-sp18-405},
	note = {Accessed: 2018-04-17},
	url                    = 
	{https://www.nltk.org/book/ch02.html},
}


@Misc{hid-sp18-405-sentiment-punctuationdoc,
	author                   = {{Python Software Foundation}},
	title                    = {string â€” Common string operations},
	howpublished             = {Web Page},
	month                    = apr,
	year                     = {2018},
	owner     = {hid-sp18-405},
	note = {Accessed: 2018-04-17},
	url                    = 
	{https://docs.python.org/3/library/string.html},
}

@Misc{hid-sp18-405-hadoopstreaming-nltk,
	author                   = {Hammerbacher, Jeff},
	title                    = {Sending Files to Remote Task Nodes with Hadoop 
	MapReduce},
	howpublished             = {Blog},
	month                    = nov,
	year                     = {2008},
	owner     = {hid-sp18-405},
	note = {Accessed: 2018-04-1},
	url                    = 
	{http://blog.cloudera.com/blog/2008/11/sending-files-to-remote-task-nodes-with-hadoop-mapreduce/},
}

@Misc{hid-sp18-405-hadoopstreaming-corpus,
	author                   = {Murray, Nate  },
	title                    = {How to use Cascading with Hadoop Streaming},
	howpublished             = {Blog},
	month                    = nov,
	year                     = {2009},
	owner     = {hid-sp18-405},
	note = {Accessed: 2018-04-1},
	url                    = 
	{http://eigenjoy.com/2009/11/18/how-to-use-cascading-with-hadoop-streaming/},
}

@Misc{hid-sp18-419-raspbian-distro,
	author                   = {{raspbian.org}},
	title                    = {Index of /raspbian/dists/stretch/},
	howpublished             = {Web Site},
	month                    = apr,
	year                     = {2018},
	owner     = {hid-sp18-419},
	note = {Accessed: 2018-04-25},
	url                    = 
	{http://archive.raspbian.org/raspbian/dists/stretch/},
}

@Misc{hid-sp18-419-pi-gen,
	author                   = {RPi-Distro},
	title                    = {pi-gen},
	howpublished             = {GitHub},
	month                    = apr,
	year                     = {2018},
	owner     = {hid-sp18-419},
	note = {Accessed: 2018-04-25},
	url                    = 
	{https://github.com/RPi-Distro/pi-gen},
}

@Misc{hid-sp18-419-so-password,
	author                   = {Elliot Beaumont},
	title                    = {RPi-Distro/pi-gen},
	howpublished             = {Stack Overflow},
	month                    = jun,
	year                     = {2017},
	owner     = {hid-sp18-419},
	note = {Accessed: 2018-04-25},
	url                    = 
	{https://stackoverflow.com/a/44846864/7292730},
}

@Misc{hid-sp18-419-headless,
	author                   = {Vivek Seth},
	title                    = {How to Bootstrap a Headless Raspberry Pi with a Mac},
	howpublished             = {Medium},
	month                    = feb,
	year                     = {2017},
	owner     = {hid-sp18-419},
	note = {Accessed: 2018-04-25},
	url                    = 
	{https://medium.com/@viveks3th/how-to-bootstrap-a-headless-raspberry-pi-with-a-mac-6eba3be20b26},
}

@Misc{hid-sp18-419-virtualbox,
	author                   = {{Oracle}},
	title                    = {VirtualBox},
	howpublished             = {Web Page},
	month                    = apr,
	year                     = {2018},
	owner     = {hid-sp18-419},
	note = {Accessed: 2018-04-25},
	url                    = 
	{https://www.virtualbox.org/},
}

@Misc{hid-sp18-405-hadoop-wiki,
	author                   = {{Wikipedia}},
	title                    = {Apache Hadoop},
	howpublished             = {Web Page},
	month                    = nov,
	owner     = {hid-sp18-405},
	note = {Accessed: 2018-04-25},
	url                    = 
	{https://en.wikipedia.org/wiki/Apache_Hadoop},
}

@Misc{hid-sp18-405-hadoop-official,
	author                   = {{The Apache Software Foundation}},
	title                    = {Welcome to Apache Hadoop},
	howpublished             = {Web Page},
	month                    = apr,
	year                     = 2018,
	owner     = {hid-sp18-405},
	note = {Accessed: 2018-04-25},
	url                    = 
	{http://hadoop.apache.org/},
}

@inproceedings{hid-sp18-405-ghem2003goolefilesystem,
	author = {Ghemawat, Sanjay and Gobioff, Howard and Leung, Shun-Tak},
	title = {The Google File System},
	booktitle = {Proceedings of the Nineteenth ACM Symposium on Operating 
	Systems Principles},
	series = {SOSP '03},
	year = {2003},
	isbn = {1-58113-757-5},
	location = {Bolton Landing, NY, USA},
	pages = {29--43},
	numpages = {15},
	url = {http://doi.acm.org/10.1145/945445.945450},
	doi = {10.1145/945445.945450},
	acmid = {945450},
	publisher = {ACM},
	address = {New York, NY, USA},
	owner     = {hid-sp18-405},
	note = {Accessed: 2018-04-25},
	keywords = {clustered storage, data storage, fault tolerance, scalability},
}

@article{hid-sp18-405-dean2008mapreduce,
	author = {Dean, Jeffrey and Ghemawat, Sanjay},
	title = {MapReduce: Simplified Data Processing on Large Clusters},
	journal = {Commun. ACM},
	issue_date = {January 2008},
	volume = {51},
	number = {1},
	month = jan,
	year = {2008},
	issn = {0001-0782},
	pages = {107--113},
	numpages = {7},
	url = {http://doi.acm.org/10.1145/1327452.1327492},
	doi = {10.1145/1327452.1327492},
	acmid = {1327492},
	publisher = {ACM},
	owner     = {hid-sp18-405},
	note = {Accessed: 2018-04-25},
	address = {New York, NY, USA},
}

@inproceedings{hid-sp18-405-shvachko2010hdfs,
	author = {Shvachko, Konstantin and Kuang, Hairong and Radia, Sanjay and 
	Chansler, Robert},
	title = {The Hadoop Distributed File System},
	booktitle = {Proceedings of the 2010 IEEE 26th Symposium on Mass 
	Storage Systems and Technologies (MSST)},
	series = {MSST '10},
	year = {2010},
	isbn = {978-1-4244-7152-2},
	pages = {1--10},
	numpages = {10},
	url = {http://dx.doi.org/10.1109/MSST.2010.5496972},
	doi = {10.1109/MSST.2010.5496972},
	acmid = {1914427},
	publisher = {IEEE Computer Society},
	address = {Washington, DC, USA},
	owner     = {hid-sp18-405},
	note = {Accessed: 2018-04-25},
}

@Misc{hid-sp18-405-hadoop-jobtracker,
	author                   = {{The Apache Software Foundation}},
	title                    = {Hadoop Wiki JobTracker},
	howpublished             = {Web Page},
	month                    = jun,
	year                     = 2010,
	owner     = {hid-sp18-405},
	note = {Accessed: 201-04-25},
	url                    = 
	{https://wiki.apache.org/hadoop/JobTracker},
}

@inproceedings{hid-sp18-405-vavi2013yarn,
	author = {Vavilapalli, Vinod Kumar and Murthy, Arun C. and Douglas, Chris 
	and Agarwal, Sharad and Konar, Mahadev and Evans, Robert and Graves, 
	Thomas and Lowe, Jason and Shah, Hitesh and Seth, Siddharth and Saha, 
	Bikas and Curino, Carlo and O'Malley, Owen and Radia, Sanjay and Reed, 
	Benjamin and Baldeschwieler, Eric},
	title = {Apache Hadoop YARN: Yet Another Resource Negotiator},
	booktitle = {Proceedings of the 4th Annual Symposium on Cloud 
	Computing},
	series = {SOCC '13},
	year = {2013},
	isbn = {978-1-4503-2428-1},
	location = {Santa Clara, California},
	pages = {5:1--5:16},
	articleno = {5},
	numpages = {16},
	url = {http://doi.acm.org/10.1145/2523616.2523633},
	doi = {10.1145/2523616.2523633},
	acmid = {2523633},
	publisher = {ACM},
	address = {New York, NY, USA},
	owner     = {hid-sp18-405},
	note = {Accessed: 201-04-26},
}

@Misc{hid-sp18-405-hadoop-streaming,
	author                   = {{The Apache Software Foundation}},
	title                    = {Hadoop Streaming},
	howpublished             = {Web Page},
	month                    = nov,
	year                     = 2017,
	owner     = {hid-sp18-405},
	note = {Accessed: 2018-04-20},
	url                    = 
	{http://hadoop.apache.org/docs/r2.9.0/hadoop-streaming/HadoopStreaming.html},
}